
@inproceedings{kaliski1994linear,
	title={Linear cryptanalysis using multiple approximations},
	author={Kaliski Jr, Burton S and Robshaw, Matthew JB},
	booktitle={Advances in Cryptology—Crypto’94},
	pages={26--39},
	year={1994},
	organization={Springer}
}
@inproceedings{courtois2004feistel,
	title={Feistel schemes and bi-linear cryptanalysis},
	author={Courtois, Nicolas T},
	booktitle={Advances in Cryptology--CRYPTO 2004},
	pages={23--40},
	year={2004},
	organization={Springer}
}
@misc{bard2007efficient,
	title={Efficient methods for conversion and solution of sparse systems of low-degree multivariate polynomials over GF (2) via SAT-solvers},
	author={Bard, Gregory V and Courtois, Nicolas T and Jefferson, Chris},
	year={2007}
}

@phdthesis{TheoPhD,
	title={Optimizations in algebraic and differential cryptanalysis},
	author={Mourouzis, Theodosis},
	year={2015},
	school={UCL (University College London)}
}

@article{pasalic2009probabilistic,
	title={Probabilistic Versus Deterministic Algebraic Cryptanalysis—A Performance Comparison},
	author={Pasalic, Enes},
	journal={IEEE Transactions on information theory},
	volume={55},
	number={11},
	pages={5233--5240},
	year={2009},
	publisher={IEEE}
}

@article{suvsil2016selection,
	title={On selection of samples in algebraic attacks and a new technique to find hidden low degree equations},
	author={Su{\v{s}}il, Petr and Sepehrdad, Pouyan and Vaudenay, Serge and Courtois, Nicolas},
	journal={International Journal of Information Security},
	volume={15},
	number={1},
	pages={51--65},
	year={2016},
	publisher={Springer}
}
@article{davis1987genetic,
	title={Genetic algorithms and simulated annealing},
	author={Davis, Lawrence},
	year={1987},
	publisher={Morgan Kaufman Publishers, Inc., Los Altos, CA}
}
@article{matthews1993use,
	title={The use of genetic algorithms in cryptanalysis},
	author={Matthews, Robert AJ},
	journal={Cryptologia},
	volume={17},
	number={2},
	pages={187--201},
	year={1993},
	publisher={Taylor \& Francis}
}
@article{garg2010comparison,
	title={A Comparison between Memetic algorithm and Genetic algorithm for the cryptanalysis of Simplified Data Encryption Standard algorithm},
	author={Garg, Poonam},
	journal={arXiv preprint arXiv:1004.0574},
	year={2010}
}

@inproceedings{dinur2009cube,
	title={Cube attacks on tweakable black box polynomials},
	author={Dinur, Itai and Shamir, Adi},
	booktitle={Annual International Conference on the Theory and Applications of Cryptographic Techniques},
	pages={278--299},
	year={2009},
	organization={Springer}
}

@inproceedings{biryukov2014differential,
	title={Differential analysis of block ciphers SIMON and SPECK},
	author={Biryukov, Alex and Roy, Arnab and Velichkov, Vesselin},
	booktitle={Fast Software Encryption},
	pages={546--570},
	year={2014},
	organization={Springer}
}
@article{courtois2005best,
	title={The Best Differential Characteristics and Subtleties of the Biham-Shamir Attacks on DES.},
	author={Courtois, Nicolas},
	journal={IACR Cryptology ePrint Archive},
	volume={2005},
	pages={202},
	year={2005}
}
@article{courtois2003s,
	title={What do DES S-boxes Say to Each Other?},
	author={Courtois, Nicolas T and Castagnos, Guilhem and Goubin, Louis},
	journal={IACR Cryptology ePrint Archive},
	volume={2003},
	pages={184},
	year={2003}
}
@article{coppersmith2000development,
	title={The development of DES},
	author={Coppersmith, Don},
	journal={Invited talk at CRYPTO},
	year={2000}
}
@article{coppersmith1994data,
	title={The Data Encryption Standard (DES) and its strength against attacks},
	author={Coppersmith, Don},
	journal={IBM journal of research and development},
	volume={38},
	number={3},
	pages={243--250},
	year={1994},
	publisher={IBM}
}
@article{alkhzaimi2013cryptanalysis,
	title={Cryptanalysis of the SIMON Family of Block Ciphers.},
	author={AlKhzaimi, Hoda and Lauridsen, Martin M},
	journal={IACR Cryptology ePrint Archive},
	volume={2013},
	pages={543},
	year={2013},
	publisher={Citeseer}
}
@inproceedings{even1975complexity,
  title={On the complexity of time table and multi-commodity flow problems},
  author={Even, Shimon and Itai, Alon and Shamir, Adi},
  booktitle={Foundations of Computer Science, 1975., 16th Annual Symposium on},
  pages={184--193},
  year={1975},
  organization={IEEE}
}
@incollection{aciiccmez2006cache,
  title={Cache based remote timing attack on the AES},
  author={Ac{\i}i{\c{c}}mez, Onur and Schindler, Werner and Ko{\c{c}}, {\c{C}}etin K},
  booktitle={Topics in Cryptology--CT-RSA 2007},
  pages={271--286},
  year={2006},
  publisher={Springer}
}
@article{kosters2015notes,
	title={Notes on summation polynomials},
	author={Kosters, Michiel and Yeo, Sze Ling},
	journal={arXiv preprint arXiv:1503.08001},
	year={2015}
}
@misc{cryptoeprint:2015:310,
	author = {Igor Semaev},
	title = {New algorithm for the discrete logarithm problem on elliptic curves},
	howpublished = {Cryptology ePrint Archive, Report 2015/310},
	year = {2015},
}
@inproceedings{elgamal1985public,
	title={A public key cryptosystem and a signature scheme based on discrete logarithms},
	author={ElGamal, Taher},
	booktitle={Advances in cryptology},
	pages={10--18},
	year={1985},
	organization={Springer}
}
@inproceedings{anderson1998low,
  title={Low cost attacks on tamper resistant devices},
  author={Anderson, Ross and Kuhn, Markus},
  booktitle={Security Protocols},
  pages={125--136},
  year={1998},
  organization={Springer}
}
@article{armando1993embedding,
  title={Embedding complex decision procedures inside an interactive theorem prover},
  author={Armando, Alessandro and Giunchiglia, Enrico},
  journal={Annals of Mathematics and Artificial Intelligence},
  volume={8},
  number={3-4},
  pages={475--502},
  year={1993},
  publisher={Springer}
}
@article{aspvall1979linear,
  title={A linear-time algorithm for testing the truth of certain quantified boolean formulas},
  author={Aspvall, Bengt and Plass, Michael F and Tarjan, Robert Endre},
  journal={Information Processing Letters},
  volume={8},
  number={3},
  pages={121--123},
  year={1979},
  publisher={Elsevier}
}
@article{bachmair2001resolution,
  title={Resolution Theorem Proving.},
  author={Bachmair, Leo and Ganzinger, Harald},
  journal={Handbook of automated reasoning},
  volume={1},
  pages={19--99},
  year={2001}
}
@misc{economist,
	author = {The Economist},
	title = {{Mining digital gold}},
	howpublished = "\url{http://www.economist.com/news/finance-and-economics/21576149-even-if-it-crashes-bitcoin-may-make-dent-financial-world-mining-digital/}",
	year = {2013}, 
	note = "[Online; 13-Apr-2013]"
}
@misc{DavidHunduson2015,
	author = {Hunduson, David},
	title = {Bitcoin Traffic Bulletin},
	year = {2015},
	howpublished = "\url{http://hashingit.com/analysis/34-bitcoin-traffic-bulletin}"
}
@misc{Andersen2015,
	author = {Andersen, Gavin},
	title = {Why increasing the max block size is urgent},
	year = {2015},
	howpublished = "\url{http://gavinandresen.ninja/why-increasing-the-max-block-size-is-urgent}"
}

@misc{GOSTSlidesPart12,
	author = {Courtois, Nicolas},
	title = {Cryptanalysis of GOST, part 12},
	howpublished = "\url{http://www.nicolascourtois.com/papers/GOST.pdf}"
	}
@misc{GOSTEC,
	howpublished = "\url{http://comments.gmane.org/gmane.ietf.irtf.cfrg/4694}"
	}
@misc{CourtoisBlockEnigmaSlides,
	author = {Courtois, Nicolas},
	title = {100 years of Cryptanalysis: Compositions of Permutations},
	howpublished = "
	\url{http://www.nicolascourtois.com/papers/code_breakers_enigma_block_teach.pdf} ",
	note={non-commutative combinations of permutations,
	used teaching GA18 Cryptanalysis course at University College London 2014-2016}
}
@incollection{courtois2007algebraicDES,
	title={Algebraic cryptanalysis of the data encryption standard},
	author={Courtois, Nicolas T and Bard, Gregory V},
	booktitle={Cryptography and Coding},
	pages={152--169},
	year={2007},
	publisher={Springer}
}
@misc{PrCryEngCourtois,
	author = {Courtois, Nicolas},
	title = {Guiding Principles of Effective Crypto and Security Engineering},
	howpublished = "\url{http://www.nicolascourtois.com/papers/sc/Pr_Crypto_eng_v12.pdf}"
	}

@misc{NSA16,
	author = {NSA},
	title = {Cnsa suite and quantum computing faq},
	howpublished = {"\url{https://www.iad.gov/iad/library/ia-guidance/ia-solutions-for-classified/algorithm-guidance/cnsa-suite-and-quantum-computing- faq.cfm}”},
	year=2016
	}
@misc{NSA16key,
	author = {NSA},
	title = {Recommendation for Key Management},
	howpublished = {"\url{http://nvlpubs.nist.gov/nistpubs/SpecialPublications/NIST.SP.800-57pt1r4.pdf}”},
	year=2016
}
@INPROCEEDINGS{SlidesCompSec,
	AUTHOR =       "N.T. Courtois",
	TITLE =        "Computer Security Foundations and Principles – standard version",
	BOOKTITLE =    "slides used in UCL course ``Computer Security'', University College London",
	YEAR =         "2016",
	publisher =    "\url{http://www.nicolascourtois.com/papers/compsec/CompSec_Intro_01.ppt}",
	file = F
}

@book{schneier2006beyond,
	title={Beyond fear: Thinking sensibly about security in an uncertain world},
	author={Schneier, Bruce},
	year={2006},
	publisher={Springer Science \& Business Media}
}

@misc{StevenECDLP2015,
	author = {Steven Galbraith},
	title = {Elliptic Curve Discrete Logarithm Problem In Characteristic Two},
	howpublished = "\url{https://ellipticnews.wordpress.com/2015/04/13/elliptic-curve-discrete-logarithm-problem-in-characteristic-two}",
	year = {2015},
}

@misc{Wulliesecp256k1, 
	title={bitcoin secp256k1 library, version 2015/08/11},
	author={Wullie, Petier},
	howpublished = "\url{https://github.com/bitcoin/secp256k1}"
}

@misc{SongSimonSpeckGithub, 
	title={Simon and Speck implementation in C},
	author={Song, Guangyan},
	howpublished = "\url{https://github.com/gsonghashrate/SimonSpeck}"
}

@misc{sm2parameter,
	title={Chinese Elliptic Curve Standard Parameters},
	author= {Chinese Commercial Cryptography Administration Office},
	howpublished = "\url{http://www.oscca.gov.cn/UpFile/2010122214836668.pdf}"
}

@incollection{bernstein2007faster,
	title={Faster addition and doubling on elliptic curves},
	author={Bernstein, Daniel J and Lange, Tanja},
	booktitle={Advances in cryptology--ASIACRYPT 2007},
	pages={29--50},
	year={2007},
	publisher={Springer}
}
@inproceedings{brickell1993fast,
	title={Fast exponentiation with precomputation},
	author={Brickell, Ernest F and Gordon, Daniel M and McCurley, Kevin S and Wilson, David B},
	booktitle={Advances in Cryptology—EUROCRYPT’92},
	pages={200--207},
	year={1993},
	organization={Springer}
}
@misc{bernstein2007explicit,
	title={Explicit-formulas database},
	author={Bernstein, Daniel J and Lange, Tanja},
	year={2007}
}
@misc{CourtoisECCPost2015,
	title = "Half of All Elliptic Curves Broken???",
	author={Nicolas Courtois},
	howpublished = "\url{http://blog.bettercrypto.com/?p=1544}",
	year = {2015},
	}
@misc{explicitBernstein,
	author = {Daniel J. Bernstein, Tanja Lange},
	title = {Explicit-Formulas Database},
	howpublished = "\url{https://www.hyperelliptic.org/EFD/}"
	}
@article{faugere2014using,
	title={Using symmetries in the index calculus for elliptic curves discrete logarithm},
	author={Faug{\`e}re, Jean-Charles and Gaudry, Pierrick and Huot, Louise and Renault, Gu{\'e}na{\"e}l},
	journal={Journal of cryptology},
	volume={27},
	number={4},
	pages={595--635},
	year={2014},
	publisher={Springer}
}
@incollection{courtois2002cryptanalysis,
	title={Cryptanalysis of block ciphers with overdefined systems of equations},
	author={Courtois, Nicolas T and Pieprzyk, Josef},
	booktitle={Advances in Cryptology—ASIACRYPT 2002},
	pages={267--287},
	year={2002},
	publisher={Springer}
}
@inproceedings{courtois2014combined,
	title={Combined Algebraic and Truncated Differential Cryptanalysis on Reduced-round Simon.},
	author={Courtois, Nicolas and Mourouzis, Theodosis and Song, Guangyan and Sepehrdad, Pouyan and Susil, Petr},
	booktitle={SECRYPT},
	pages={399--404},
	year={2014}
}
@article{courtois2012contradiction,
	title={Contradiction immunity and guess-then-determine attacks on GOST},
	author={Courtois, Nicolas T and Gawinecki, Jerzy A and Song, Guangyan},
	journal={Tatra Mountains Mathematical Publications},
	volume={53},
	number={1},
	pages={65--79},
	year={2012}
}
@incollection{huang2013improvement,
	title={Improvement of Faugere et al.’s Method to Solve ECDLP},
	author={Huang, Yun-Ju and Petit, Christophe and Shinohara, Naoyuki and Takagi, Tsuyoshi},
	booktitle={Advances in Information and Computer Security},
	pages={115--132},
	year={2013},
	publisher={Springer}
}	
@article{courtois2015can,
	title={Can GOST Be Made Secure Against Differential Cryptanalysis?},
	author={Courtois, Nicolas T and Mourouzis, Theodosis and Misztal, Micha{\l} and Quisquater, Jean-Jacques and Song, Guangyan},
	journal={Cryptologia},
	volume={39},
	number={2},
	pages={145--156},
	year={2015},
	publisher={Taylor \& Francis}
}
@article{simondf26,
	title={Advanced Differential Cryptanalysis of Reduced-Round SIMON64/128 Using Large-Round Statistical Distinguishers},
	author={Mourouzis, Theodosis and Song, Guangyan and Courtois, Nicolas and Christofii, Michalis}
}
@incollection{petit2012polynomial,
		title={On polynomial systems arising from a Weil descent},
		author={Petit, Christophe and Quisquater, Jean-Jacques},
		booktitle={Advances in Cryptology--ASIACRYPT 2012},
		pages={451--466},
		year={2012},
		publisher={Springer}
}
@inproceedings{brier2002weierstrass,
	title={Weierstra{\ss} elliptic curves and side-channel attacks},
	author={Brier, Eric and Joye, Marc},
	booktitle={Public Key Cryptography},
	pages={335--345},
	year={2002},
	organization={Springer}
}
@inproceedings{cohen1998efficient,
	title={Efficient elliptic curve exponentiation using mixed coordinates},
	author={Cohen, Henri and Miyaji, Atsuko and Ono, Takatoshi},
	booktitle={Advances in Cryptology ASIACRYPT’98},
	pages={51--65},
	year={1998},
	organization={Springer}
}

@article{ansi2005x9,
	title={X9. 62: 2005: Public Key Cryptography for the Financial Services Industry},
	author={ANSI, ANSI},
	journal={The elliptic curve digital signature algorithm (ECDSA)},
	year={2005}
}
@article{ieee2000ieee,
	title={IEEE 1363-2000: Standard Specifications For Public Key Cryptography},
	author={IEEE Working Group and others},
	journal={IEEE Standard, IEEE, New York, NY},
	volume={10017},
	year={2000}
}
@article{certicom2000sec,
	title={SEC 2: Recommended Elliptic Curve Domain Parameters},
	author={Certicom, SEC},
	journal={Proceeding of Standards for Efficient Cryptography, Version},
	volume={1},
	year={2000}
}
@article{fips2000186,
	title={186-2. digital signature standard (DSS)},
	author={FIPS, PUB},
	journal={National Institute of Standards and Technology (NIST)},
	year={2000}
}
@article{nakamoto2008bitcoin,
	title={Bitcoin: A peer-to-peer electronic cash system},
	author={Nakamoto, Satoshi},
	journal={Consulted},
	volume={1},
	number={2012},
	pages={28},
	year={2008}
}
@book{brown2001software,
	title={Software implementation of the NIST elliptic curves over prime fields},
	author={Brown, Michael and Hankerson, Darrel and L{\'o}pez, Julio and Menezes, Alfred},
	year={2001},
	publisher={Springer}
}
@article{barrett2009satisfiability,
  title={Satisfiability Modulo Theories.},
  author={Barrett, Clark W and Sebastiani, Roberto and Seshia, Sanjit A and Tinelli, Cesare},
  journal={Handbook of satisfiability},
  volume={185},
  pages={825--885},
  year={2009}
}
@incollection{biham1997differential,
  title={Differential fault analysis of secret key cryptosystems},
  author={Biham, Eli and Shamir, Adi},
  booktitle={Advances in Cryptology—CRYPTO'97},
  pages={513--525},
  year={1997},
  publisher={Springer}
}
@inproceedings{boneh1997importance,
  title={On the importance of checking cryptographic protocols for faults},
  author={Boneh, Dan and DeMillo, Richard A and Lipton, Richard J},
  booktitle={Advances in Cryptology—EUROCRYPT’97},
  pages={37--51},
  year={1997},
  organization={Springer}
}
@inproceedings{borst1997two,
  title={Two attacks on reduced IDEA},
  author={Borst, Johan and Knudsen, Lars R and Rijmen, Vincent},
  booktitle={Advances in Cryptology—EUROCRYPT’97},
  pages={1--13},
  year={1997},
  organization={Springer}
}
@inproceedings{boyer1990theorem,
  title={A theorem prover for a computational logic},
  author={Boyer, Robert S and Moore, J Strother},
  booktitle={10th International Conference on Automated Deduction},
  pages={1--15},
  year={1990},
  organization={Springer}
}
@inproceedings{brown1990loki,

  title={LOKI—a cryptographic primitive for authentication and secrecy applications},
  author={Brown, Lawrence and Pieprzyk, Josef and Seberry, Jennifer},
  booktitle={Advances in Cryptology—AUSCRYPT'90},
  pages={229--236},
  year={1990},
  organization={Springer}
}
@article{cramer2003design,
	title={Design and analysis of practical public-key encryption schemes secure against adaptive chosen ciphertext attack},
	author={Cramer, Ronald and Shoup, Victor},
	journal={SIAM Journal on Computing},
	volume={33},
	number={1},
	pages={167--226},
	year={2003},
	publisher={SIAM}
}
@book{lindell2014introduction,
	title={Introduction to modern cryptography},
	author={Lindell, Yehuda and Katz, Jonathan},
	year={2014},
	publisher={Chapman and Hall/CRC}
}
@inproceedings{clark1994modern,
  title={Modern optimisation algorithms for cryptanalysis},
  author={Clark, Andrew},
  booktitle={Intelligent Information Systems, 1994. Proceedings of the 1994 Second Australian and New Zealand Conference on},
  pages={258--262},
  year={1994},
  organization={IEEE}
}
@article{clark1997parallel,
  title={A parallel genetic algorithm for cryptanalysis of the polyalphabetic substitution cipher},
  author={Clark, Andrew and Dawson, Ed},
  journal={Cryptologia},
  volume={21},
  number={2},
  pages={129--138},
  year={1997},
  publisher={Taylor \& Francis}
}
@article{clark1998optimisation,
  title={Optimisation heuristics for cryptology},
  author={Clark, Andrew J},
  year={1998},
  publisher={Queensland University of Technology}
}
@inproceedings{clark2003nature,
  title={Nature-inspired cryptography: Past, present and future},
  author={Clark, John A},
  booktitle={Evolutionary Computation, 2003. CEC'03. The 2003 Congress on},
  volume={3},
  pages={1647--1654},
  year={2003},
  organization={IEEE}
}
@Article{Coo71,
author = {Cook, S.A.},
title = {The complexity of theorem-proving procedures},
journal = {STOC ’71: Proceedings of the third annual ACM symposium on Theory of computing},
year = 1971,
pages = {151-158}
}
@inproceedings{courtois2000efficient,
  title={Efficient algorithms for solving overdefined systems of multivariate polynomial equations},
  author={Courtois, Nicolas and Klimov, Alexander and Patarin, Jacques and Shamir, Adi},
  booktitle={Advances in Cryptology—EUROCRYPT 2000},
  pages={392--407},
  year={2000},
  organization={Springer}
}
@inproceedings{courtois2002solving,
  title={Solving underdefined systems of multivariate quadratic equations},
  author={Courtois, Nicolas and Goubin, Louis and Meier, Willi and Tacier, Jean-Daniel},
  booktitle={Public Key Cryptography},
  pages={211--227},
  year={2002},
  organization={Springer}
}
@incollection{courtois2011first,
  title={First differential attack on full 32-round GOST},
  author={Courtois, Nicolas T and Misztal, Micha{\l}},
  booktitle={Information and Communications Security},
  pages={216--227},
  year={2011},
  publisher={Springer}
}
@misc{cryptoeprint:2007:024,
    author = {Gregory V. Bard, and Nicolas T. Courtois, and Chris Jefferson.},
    title = {Efficient Methods for Conversion and Solution of Sparse Systems of Low-Degree Multivariate Polynomials over GF(2) via SAT-Solvers},
    howpublished = {Cryptology ePrint Archive, Report 2007/024},
    year = {2007},
    note = {http://eprint.iacr.org/}
}

@incollection{cusick1991redoc,
  title={The Redoc II Cryptosystem},
  author={Cusick, Thomas W and Wood, Michael C},
  booktitle={Advances in Cryptology-CRYPT0’90},
  pages={546--563},
  year={1991},
  publisher={Springer}
}
@article{davis1960computing,
  title={A computing procedure for quantification theory},
  author={Davis, Martin and Putnam, Hilary},
  journal={Journal of the ACM (JACM)},
  volume={7},
  number={3},
  pages={201--215},
  year={1960},
  publisher={ACM}
}
@article{davis1962machine,
  title={A machine program for theorem-proving},
  author={Davis, Martin and Logemann, George and Loveland, Donald},
  journal={Communications of the ACM},
  volume={5},
  number={7},
  pages={394--397},
  year={1962},
  publisher={ACM}
}
@article{davis1991handbook,
  title={Handbook of genetic algorithms},
  author={Davis, Lawrence},
  year={1991},
  publisher={Van Nostrand Reinhold}
}

@incollection{de2008z3,

  title={Z3: An efficient SMT solver},
  author={De Moura, Leonardo and Bj{\o}rner, Nikolaj},
  booktitle={Tools and Algorithms for the Construction and Analysis of Systems},
  pages={337--340},
  year={2008},
  publisher={Springer}
}
@article{dimovski2003attacks,
  title={Attacks on the transposition ciphers using optimization heuristics},
  author={Dimovski, A and Gligoroski, D},
  journal={Proceedings of ICEST},
  pages={1--4},
  year={2003}
}
@inproceedings{dhem2000practical,
  title={A practical implementation of the timing attack},
  author={Dhem, Jean-Francois and Koeune, Francois and Leroux, Philippe-Alexandre and Mestr{\'e}, Patrick and Quisquater, Jean-Jacques and Willems, Jean-Louis},
  booktitle={Smart Card Research and Applications},
  pages={167--182},
  year={2000},
  organization={Springer}
}
@inproceedings{dusart2003differential,
  title={Differential fault analysis on AES},
  author={Dusart, Pierre and Letourneux, Gilles and Vivolo, Olivier},
  booktitle={Applied Cryptography and Network Security},
  pages={293--306},
  year={2003},
  organization={Springer}
}
@article{faugere1999new,
	title={A new efficient algorithm for computing Gr{\"o}bner bases (F 4)},
	author={Faugere, Jean-Charles},
	journal={Journal of pure and applied algebra},
	volume={139},
	number={1},
	pages={61--88},
	year={1999},
	publisher={Elsevier}
}

@inproceedings{ferguson2001simple,
  title={A simple algebraic representation of Rijndael},
  author={Ferguson, Niels and Schroeppel, Richard and Whiting, Doug},
  booktitle={Selected Areas in Cryptography},
  pages={103--111},
  year={2001},
  organization={Springer}
}
@article{feistel1973cryptography,
  title={Cryptography and computer privacy},
  author={Feistel, Horst},
  journal={Scientific american},
  volume={228},
  pages={15--23},
  year={1973}
}
@article{forsyth1993automated,
  title={Automated cryptanalysis of substitution ciphers},
  author={Forsyth, William S and Safavi-Naini, Reihaneh},
  journal={Cryptologia},
  volume={17},
  number={4},
  pages={407--418},
  year={1993},
  publisher={Taylor \& Francis}
}
@article{fraenkel1980complexity,
  title={Complexity of solving algebraic equations},
  author={Fraenkel, Aviezri S and Yesha, Yaacov},
  journal={Information Processing Letters},
  volume={10},
  number={4},
  pages={178--179},
  year={1980},
  publisher={Elsevier}
}
@inproceedings{giunchiglia1996new,
  title={A new method for testing decision procedures in modal and terminological logics},
  author={Giunchiglia, Fausto and Roveri, Marco and Sebastiani, Roberto},
  booktitle={Description Logics},
  pages={119--123},
  year={1996}
}
@phdthesis{gnalyse,
  title={Zur analyse des Data Encryption Standard und SyntheseVer \& andter Chiff riersysteme, Ph.D Thesis},
  author={g rid Schaumuller-Bichl, In},
  school={Linz university, May 1981}
}
@mscthesis{ Alkaheel2010,
title = {Hassan Alkaheel, Solving Overdefined Problems: Tools For Algebraic Cryptanalysis, 2010, MSc thesis, University College London},
author = {Hassan Alkaheel},
school = {University College London}
}
@article{grundlingh2003using,
  title={Using Genetic Algorithms to Break a Simple Cryptographic Cipher},
  author={Grundlingh, W and Van Vuuren, Jan H},
  journal={Retrieved March},
  volume={31},
  year={2003}
}
@article{gu1996algorithms,
  title={Algorithms for satisfiability (SAT) problem: A survey. DIMACS Volume Series on Discrete Mathematics and Theoretical Computer Science: The Satisfiability (SAT) Problem},
  author={Gu, J and Purdom, PW and Franco, J and Wah, BW},
  journal={American Mathematical Society},
  year={1996}
}

@article{harpaz2003introduction,
  title={Introduction to the Theory of NP-Completeness},
  author={Harpaz, Rave},
  year={2003}
}
@article{hevia1999strength,
  title={Strength of two Data Encryption Standard implementations under timing attacks},
  author={Hevia, Alejandro and Kiwi, Marcos},
  journal={ACM Transactions on Information and System Security (TISSEC)},
  volume={2},
  number={4},
  pages={416--437},
  year={1999},
  publisher={ACM}
}
@phdthesis{hulme2008path,
  title={The Path to Satisfaction: Polynomial Algorithms for SAT},
  author={Hulme, Daniel J},
  year={2008},
  school={University College London}
}

@article{jeroslow1990solving,
  title={Solving propositional satisfiability problems},
  author={Jeroslow, Robert G and Wang, Jinchang},
  journal={Annals of mathematics and Artificial Intelligence},
  volume={1},
  number={1-4},
  pages={167--187},
  year={1990},
  publisher={Springer}
}

@book{kahn1996codebreakers,
  title={The Codebreakers: The comprehensive history of secret communication from ancient times to the internet},
  author={Kahn, David},
  year={1996},
  publisher={Simon and Schuster}
}
@inproceedings{kilian1996protect,
  title={How to protect DES against exhaustive key search},
  author={Kilian, Joe and Rogaway, Phillip},
  booktitle={Advances in Cryptology—CRYPTO’96},
  pages={252--267},
  year={1996},
  organization={Springer}
}
@article{king1994algorithm,
  title={An algorithm for the complete automated cryptanalysis of periodic polyalphabetic substitution ciphers},
  author={King, John C},
  journal={Cryptologia},
  volume={18},
  number={4},
  pages={332--355},
  year={1994},
  publisher={Taylor \& Francis}
}
@inproceedings{knudsen1993cryptanalysis,
  title={Cryptanalysis of LOKI},
  author={Knudsen, Lars Ramkilde},
  booktitle={Advances in Cryptology—ASIACRYPT'91},
  pages={22--35},
  year={1993},
  organization={Springer}
}
@article{knudsen1994block,
  title={Block ciphers: analysis, design and applications},
  author={Knudsen, Lars Ramkilde},
  journal={DAIMI Report Series},
  volume={23},
  number={485},
  year={1994}
}
@inproceedings{knudsen1996truncated,
  title={Truncated differentials of SAFER},
  author={Knudsen, Lars R and Berson, Thomas A},
  booktitle={Fast Software Encryption},
  pages={15--26},
  year={1996},
  organization={Springer}
}
@incollection{knudsen1998block,
  title={Block Ciphers—a survey},
  author={Knudsen, Lars R},
  booktitle={State of the Art in Applied Cryptography},
  pages={18--48},
  year={1998},
  publisher={Springer}
}
@inproceedings{kocher1996timing,
  title={Timing attacks on implementations of Diffie-Hellman, RSA, DSS, and other systems},
  author={Kocher, Paul C},
  booktitle={Advances in Cryptology—CRYPTO’96},
  pages={104--113},
  year={1996},
  organization={Springer}
}
@inproceedings{kocher1999differential,
  title={Differential power analysis},
  author={Kocher, Paul and Jaffe, Joshua and Jun, Benjamin},
  booktitle={Advances in Cryptology—CRYPTO’99},
  pages={388--397},
  year={1999},
  organization={Springer}
}
@article{kolany1993satisfiability,
  title={Satisfiability on hypergraphs},
  author={Kolany, Adam},
  journal={Studia Logica},
  volume={52},
  number={3},
  pages={393--404},
  year={1993},
  publisher={Springer}
}
@inproceedings{lai1991markov,
  title={Markov ciphers and differential cryptanalysis},
  author={Lai, Xuejia and Massey, James L and Murphy, Sean},
  booktitle={Advances in Cryptology—EUROCRYPT’91},
  pages={17--38},
  year={1991},
  organization={Springer}
}
@article{laskari2005evolutionary,
  title={Evolutionary computation based cryptanalysis: A first study},
  author={Laskari, EC and Meletiou, GC and Stamatiou, YC and Vrahatis, MN},
  journal={Nonlinear Analysis: Theory, Methods \& Applications},
  volume={63},
  number={5},
  pages={e823--e830},
  year={2005},
  publisher={Elsevier}
}
@inproceedings{massey1994safer,
  title={SAFER K-64: A byte-oriented block-ciphering algorithm},
  author={Massey, James L},
  booktitle={Fast Software Encryption},
  pages={1--17},
  year={1994},
  organization={Springer}
}

@inproceedings{matsui1993new,
  title={A new method for known plaintext attack of FEAL cipher},
  author={Matsui, Mitsuru and Yamagishi, Atsuhiro},
  booktitle={Advances in Cryptology—Eurocrypt’92},
  pages={81--91},
  year={1993},
  organization={Springer}
}
@inproceedings{matsui1994linear,
  title={Linear cryptanalysis method for DES cipher},
  author={Matsui, Mitsuru},
  booktitle={Advances in Cryptology—EUROCRYPT’93},
  pages={386--397},
  year={1994},
  organization={Springer}
}

@incollection{merkle1991fast,
  title={Fast software encryption functions},
  author={Merkle, Ralph C},
  booktitle={Advances in Cryptology-CRYPT0’90},
  pages={477--501},
  year={1991},
  publisher={Springer}
}

@inproceedings{nalini2005cryptanalysis,
  title={Cryptanalysis of simplified data encryption standard via optimization heuristics},
  author={Nalini, N and Raghavendra Rao, G},
  booktitle={Intelligent Sensing and Information Processing, 2005. ICISIP 2005. Third International Conference on},
  pages={74--79},
  year={2005},
  organization={IEEE}
}
@article{nelson1979simplification,
  title={Simplification by cooperating decision procedures},
  author={Nelson, Greg and Oppen, Derek C},
  journal={ACM Transactions on Programming Languages and Systems (TOPLAS)},
  volume={1},
  number={2},
  pages={245--257},
  year={1979},
  publisher={ACM}
}
@article{nelson1980fast,
  title={Fast decision procedures based on congruence closure},
  author={Nelson, Greg and Oppen, Derek C},
  journal={Journal of the ACM (JACM)},
  volume={27},
  number={2},
  pages={356--364},
  year={1980},
  publisher={ACM}
}
@article{nudelman2004satzilla,
  title={Satzilla: An algorithm portfolio for SAT},
  author={Nudelman, Eugene and Leyton-Brown, Kevin and Devkar, Alex and Shoham, Yoav and Hoos, Holger},
  journal={Solver description, SAT competition},
  volume={2004},
  year={2004}
}
@article{nyberg1995provable,
  title={Provable security against a differential attack},
  author={Nyberg, Kaisa and Knudsen, Lars Ramkilde},
  journal={Journal of Cryptology},
  volume={8},
  number={1},
  pages={27--37},
  year={1995},
  publisher={Springer}
}

@inproceedings{pnueli1999deciding,
  title={Deciding equality formulas by small domains instantiations},
  author={Pnueli, Amir and Rodeh, Yoav and Shtrichman, Ofer and Siegel, Michael},
  booktitle={Computer Aided Verification},
  pages={455--469},
  year={1999},
  organization={Springer}
}
@article{pub197746,
  title={46-3. Data Encryption Standard},
  author={PUB, NIST FIPS},
  journal={Federal Information Processing Standards, National Bureau of Standards, US Department of Commerce},
  year={1977}
}
@article{raddum2006new,
  title={New Technique for Solving Sparse Equation Systems.},
  author={Raddum, H{\aa}vard and Semaev, Igor},
  journal={IACR Cryptology ePrint Archive},
  volume={2006},
  pages={475},
  year={2006}
}

@article{robinson1965machine,
  title={A machine-oriented logic based on the resolution principle},
  author={Robinson, John Alan},
  journal={Journal of the ACM (JACM)},
  volume={12},
  number={1},
  pages={23--41},
  year={1965},
  publisher={ACM}
}
@book{rossi2006handbook,
  title={Handbook of constraint programming},
  author={Rossi, Francesca and Van Beek, Peter and Walsh, Toby},
  year={2006},
  publisher={Access Online via Elsevier}
}
@inproceedings{rudinger2007algorithm,
  title={Algorithm Design and Side Channel Vulnerability on the Example of DPA Attack},
  author={Rudinger, Jens and Finger, Adolf},
  booktitle={Networking, 2007. ICN'07. Sixth International Conference on},
  pages={99--99},
  year={2007},
  organization={IEEE}
}
@inproceedings{russell2003making,
  title={Making the most of two heuristics: Breaking transposition ciphers with ants},
  author={Russell, Matthew D and Clark, John A and Stepney, Susan},
  booktitle={Evolutionary Computation, 2003. CEC'03. The 2003 Congress on},
  volume={4},
  pages={2653--2658},
  year={2003},
  organization={IEEE}
}
@article{semaev2010methods,
  title={Methods to solve algebraic equations in cryptanalysis},
  author={Semaev, Igor and Miku{\v{s}}, Michal},
  journal={Tatra Mountains Mathematical Publications},
  volume={45},
  number={1},
  pages={107--136},
  year={2010}
}
@article{semaev2010improved,
  title={Improved Agreeing-Gluing Algorithm.},
  author={Semaev, Igor},
  journal={IACR Cryptology ePrint Archive},
  volume={2010},
  pages={140},
  year={2010}
}
@phdthesis{sepehrdad2012statistical,
  title={Statistical and algebraic cryptanalysis of lightweight and ultra-lightweight symmetric primitives},
  author={Sepehrdad, Pouyan},
  year={2012},
  school={{\'E}COLE POLYTECHNIQUE F{\'E}D{\'E}RALE DE LAUSANNE}
}

@article{kaliski1995montgomery,
	title={The Montgomery inverse and its applications},
	author={Kaliski, Burton S},
	journal={IEEE transactions on computers},
	volume={44},
	number={8},
	pages={1064--1065},
	year={1995},
	publisher={IEEE}
}

@article{shannon1949communication,
  title={Communication theory of secrecy systems},
  author={Shannon, Claude E},
  journal={Bell system technical journal},
  volume={28},
  number={4},
  pages={656--715},
  year={1949}
}
@article{shostak1978algorithm,
  title={An algorithm for reasoning about equality},
  author={Shostak, Robert E},
  journal={Communications of the ACM},
  volume={21},
  number={7},
  pages={583--585},
  year={1978},
  publisher={ACM}
}
@article{sorkin1984lucifer,
  title={Lucifer, a cryptographic algorithm},
  author={Sorkin, Arthur},
  journal={Cryptologia},
  volume={8},
  number={1},
  pages={22--42},
  year={1984},
  publisher={Taylor \& Francis}
}
@inproceedings{song2007cryptanalysis,
  title={Cryptanalysis of four-round DES based on genetic algorithm},
  author={Song, Jun and Zhang, Huanguo and Meng, Qingshu and Wang, Zhangyi},
  booktitle={Wireless Communications, Networking and Mobile Computing, 2007. WiCom 2007. International Conference on},
  pages={2326--2329},
  year={2007},
  organization={IEEE}
}
@article{song2009cryptanalysis,
  title={Cryptanalysis of Six-Round DES Using Evolutionary Algorithm},
  author={SONG, Jun and ZHANG, Huanguo and WANG, Lina},
  journal={Journal of Wuhan University (Natural Science Edition)},
  volume={1},
  pages={017},
  year={2009}
}
@article{spillman1993use,
  title={Use of a genetic algorithm in the cryptanalysis of simple substitution ciphers},
  author={Spillman, Richard and Janssen, Mark and Nelson, Bob and Kepner, Martin},
  journal={Cryptologia},
  volume={17},
  number={1},
  pages={31--44},
  year={1993},
  publisher={Taylor \& Francis}
}
@ARTICLE{Trakhtenbrot84, 
author={Trakhtenbrot, B.A.}, 
journal={Annals of the History of Computing}, 
title={A Survey of Russian Approaches to Perebor (Brute-Force Searches) Algorithms}, 
year={1984}, 
volume={6}, 
number={4}, 
pages={384-400}, 
keywords={Artificial intelligence;Complexity theory;Information processing;Polynomials;Search methods;Software algorithms}, 
doi={10.1109/MAHC.1984.10036}, 
ISSN={0164-1239},}

@article{toemeh2007breaking,
  title={Breaking Transposition Cipher with Genetic Algorithm},
  author={Toemeh, R and Arumugam, S},
  journal={Electronics and Electrical Engineering.--Kaunas: Technologija},
  number={7},
  pages={79},
  year={2007},
  publisher={Citeseer}
}
@inproceedings{petit2016algebraic,
	title={Algebraic Approaches for the Elliptic Curve Discrete Logarithm Problem over Prime Fields},
	author={Petit, Christophe and Kosters, Michiel and Messeng, Ange},
	booktitle={IACR International Workshop on Public Key Cryptography},
	pages={3--18},
	year={2016},
	organization={Springer}
}

@misc{cryptoeprint:2016:704,
	author = {Nicolas T. Courtois},
	title = {High Saturation Complete Graph Approach for EC Point Decomposition and ECDL Problem},
	howpublished = {Cryptology ePrint Archive, Report 2016/704},
	year = {2016},
	note = {\url{http://eprint.iacr.org/2016/704}},
}

@conference{secrypt09,
	author={Nicolas T. Courtois},
	title={THE DARK SIDE OF SECURITY BY OBSCURITY - and Cloning MiFare Classic Rail and Building Passes, Anywhere, Anytime},
	booktitle={Proceedings of the International Conference on Security and Cryptography (ICETE 2009)},
	year={2009},
	pages={331-338},
	doi={10.5220/0002238003310338},
	isbn={978-989-674-005-4},
}
@inproceedings{bard2010algebraic,
	title={Algebraic, AIDA/cube and side channel analysis of KATAN family of block ciphers},
	author={Bard, Gregory V and Courtois, Nicolas T and Nakahara Jr, Jorge and Sepehrdad, Pouyan and Zhang, Bingsheng},
	booktitle={International Conference on Cryptology in India},
	pages={176--196},
	year={2010},
	organization={Springer}
}
@inproceedings{nakahara2009linear,
	title={Linear (hull) and algebraic cryptanalysis of the block cipher PRESENT},
	author={Nakahara Jr, Jorge and Sepehrdad, Pouyan and Zhang, Bingsheng and Wang, Meiqin},
	booktitle={International Conference on Cryptology and Network Security},
	pages={58--75},
	year={2009},
	organization={Springer}
}
@inproceedings{uddin2006cryptanalysis,
  title={Cryptanalysis of simple substitution ciphers using particle swarm optimization},
  author={Uddin, Mohammad Faisal and Youssef, Amr M},
  booktitle={Evolutionary Computation, 2006. CEC 2006. IEEE Congress on},
  pages={677--680},
  year={2006},
  organization={IEEE}
}
@Article{Woo01,
author = {W. K. Wootters},
title = {Entanglement of formation and concurrence},
journal = {Quantum Information and Computation},
year = 2001,
volume = 1,
pages = {27--47}
}
@incollection{xu2007satzilla,
  title={SATzilla-07: The design and analysis of an algorithm portfolio for SAT},
  author={Xu, Lin and Hutter, Frank and Hoos, Holger H and Leyton-Brown, Kevin},
  booktitle={Principles and Practice of Constraint Programming--CP 2007},
  pages={712--727},
  year={2007},
  publisher={Springer}
}
@article{xu2008satzilla,
  title={SATzilla: Portfolio-based Algorithm Selection for SAT.},
  author={Xu, Lin and Hutter, Frank and Hoos, Holger H and Leyton-Brown, Kevin},
  journal={J. Artif. Intell. Res.(JAIR)},
  volume={32},
  pages={565--606},
  year={2008}
}
@article{xu2009satzilla2009,
  title={SATzilla2009: an automatic algorithm portfolio for SAT},
  author={Xu, Lin and Hutter, Frank and Hoos, Holger H and Leyton-Brown, Kevin},
  journal={SAT},
  volume={4},
  pages={53--55},
  year={2009}
}
@article{xu2012satzilla2012,
  title={SATzilla2012: Improved algorithm selection based on cost-sensitive classification models},
  author={Xu, Lin and Hutter, Frank and Shen, Jonathan and Hoos, Holger H and Leyton-Brown, Kevin},
  journal={Proceedings of SAT Challenge 2012; Solver and},
  pages={57},
  year={2012}
}
@incollection{yang2008quantitative,
  title={Quantitative cryptanalysis of six-round DES using evolutionary algorithms},
  author={Yang, Fan and Song, Jun and Zhang, Huanguo},
  booktitle={Advances in Computation and Intelligence},
  pages={134--141},
  year={2008},
  publisher={Springer}
}
@incollection{biham93,
year={1993},
isbn={978-3-540-57340-1},
booktitle={Advances in Cryptology — CRYPTO’ 92},
volume={740},
series={Lecture Notes in Computer Science},
editor={Brickell, ErnestF.},
doi={10.1007/3-540-48071-4_34},
title={Differential Cryptanalysis of the Full 16-round DES},
url={http://dx.doi.org/10.1007/3-540-48071-4_34},
publisher={Springer Berlin Heidelberg},
author={Biham, Eli and Shamir, Adi},
pages={487-496},
language={English}
}
@incollection{Knudsen95,
year={1995},
isbn={978-3-540-60590-4},
booktitle={Fast Software Encryption},
volume={1008},
series={Lecture Notes in Computer Science},
editor={Preneel, Bart},
doi={10.1007/3-540-60590-8_16},
title={Truncated and higher order differentials},
url={http://dx.doi.org/10.1007/3-540-60590-8_16},
publisher={Springer Berlin Heidelberg},
author={Knudsen, LarsR.},
pages={196-211}
}

@book{lidl1997finite,
	title={Finite fields},
	author={Lidl, Rudolf and Niederreiter, Harald},
	volume={20},
	year={1997},
	publisher={Cambridge university press}
}

@misc{schneier1996applied,
  title={Applied cryptography. Protocols, Algorithms, and Source Code in C/Bruce Schneier},
  author={Schneier, Brouce},
  year={1996},
  publisher={John Wiley \& Sons, Inc}
}
@incollection{schilling2010solving,
  title={Solving equation systems by agreeing and learning},
  author={Schilling, Thorsten Ernst and Raddum, H{\aa}vard},
  booktitle={Arithmetic of Finite Fields},
  pages={151--165},
  year={2010},
  publisher={Springer}
}
@book{biham1993differential,
  title={Differential cryptanalysis of the data encryption standard},
  author={Biham, {\=E}. and Shamir, A.},
  isbn={9780387979304},
  lccn={92044581},
  url={http://books.google.com.hk/books?id=vZA\_AQAAIAAJ},
  year={1993},
  publisher={Springer-Verlag}
}

@book{davies1989security,
  title={Security for computer networks: and introduction to data security in teleprocessing and electronic funds transfer},
  author={Davies, Donald Watts and Price, Wyn L},
  year={1989},
  publisher={John Wiley \& Sons, Inc.}
}
@book{karp1972reducibility,
  title={Reducibility among combinatorial problems},
  author={Karp, Richard M},
  year={1972},
  publisher={Springer}
}
@Book{petz08,
author = {D{\'e}nes Petz},
title = {Quantum Information Theory and Statistics},
publisher = {Springer},
year = 2008
}
@book{robling1982cryptography,
  title={Cryptography and data security},
  author={Robling Denning, Dorothy Elizabeth},
  year={1982},
  publisher={Addison-Wesley Longman Publishing Co., Inc.}
}
@book{simmons1992contemporary,
  title={Contemporary cryptology},
  author={Simmons, Gustavus J and others},
  volume={3},
  year={1992},
  publisher={IEEE press New York}
}
@phdthesis{hulme2008path,
  title={The Path to Satisfaction: Polynomial Algorithms for SAT},
  author={Hulme, Daniel J},
  year={2008},
  school={University College London}
}
@article{zhang2011evolutionary,
  title={Evolutionary cryptography against multidimensional linear cryptanalysis},
  author={Zhang, HuanGuo and Li, ChunLei and Tang, Ming},
  journal={Science China Information Sciences},
  volume={54},
  number={12},
  pages={2565--2577},
  year={2011},
  publisher={Springer}
}









@INPROCEEDINGS{BoyarPeraltaMCMethod,
    author = "J. Boyar and R. Peralta",
    title = "A new combinational logic minimization technique with applications to cryptology",
    journal= "In Experimental Algorithms, pp. 178-189, Springer Berlin Heidelberg",
    year = "2010",
    }

@INPROCEEDINGS{BoyarPeraltaMCBoolean,
    author = "J. Boyar and R. Peralta and D. Pochuev",
    title = "On the multiplicative complexity of boolean functions over the basis",
    journal= "Theoretical Computer Science 235, no. 1, pp. 43-57",
    year = "2000",
    }


@INPROCEEDINGS{NSAciphers,
  AUTHOR =       "R. Beaulieu and D. Shors and J. Smith and S. Treatman-Clark and B. Weeks and L. Wingers",
  TITLE =        "The SIMON and SPECK families of lightweight block ciphers",
  BOOKTITLE =    "Cryptology ePrint Archive, Report 2013/404",
  YEAR =         "2013",
}

@INPROCEEDINGS{BoyarPeraltaMCMethodAES,
    author = "J. Boyar and R. Peralta",
    title = "A depth-16 circuit for the AES S-box",
    Journal =    "IACR Cryptology ePrint Archive",
    YEAR = "2011",
    }

@INPROCEEDINGS{FourMNL,
  AUTHOR =       "J. Boyar and M. Find and R. Peralta",
  TITLE =        "Four Measures of Nonlinearity",
  BOOKTITLE =    "In Algorithms and Complexity, pp. 61-72. Springer Berlin Heidelberg",
  YEAR =         "2013",
}

@INPROCEEDINGS{PRESENTBitSliceImplem,
	Author = "M. Albrecht and N. Courtois and D. Hulme and G. Song",
   Title = "Bit-Slice Implementation of PRESENT in pure standard C, v1.5, - https://bitbucket.org/malb/algebraic_attacks/src/tip/present_bitslice.c",
	Year = "2011"
}

@INPROCEEDINGS{OptimiPaper,
  AUTHOR =       "N. Courtois and D. Hulme and T. Mourouzis",
  TITLE =        "Solving circuit optimisation problems in cryptography and cryptanalysis",
  BOOKTITLE =    "In electronic proceedings of 2nd IMA Conference Mathematics in Defence 2011 ",
  YEAR =         "2011",
}


@INPROCEEDINGS{OptimiPaper2,
  AUTHOR =       "N. Courtois and T. Mourouzis and D. Hulme",
  TITLE =        "Exact Logic Minimization and Multiplicative Complexity of Concrete Algebraic and Cryptographic Circuits.",
  BOOKTITLE =    "To Appear in IARIA Journal: IntSys13v6n34",
  YEAR =         "2013",
}

@INPROCEEDINGS{ElimLinR,
  AUTHOR =       "N. Courtois and P. Sepehrdad and P. Susil and S. Vaudenay",
  TITLE =        "ElimLin algorithm revisited",
  BOOKTITLE =    "Fast Software Encryption, pp. 306-325, Springer Berlin Heidelberg",
  YEAR =         "2012",
}


@INPROCEEDINGS{BardCourtoiJeffersonConv,
  AUTHOR =       "G. Bard and N. Courtois and C. Jefferson",
  TITLE =        "Efficient methods for conversion and solution of sparse systems of low-degree multivariate polynomials over GF(2) via SAT-solvers",
  YEAR =         "2007",
}

@INPROCEEDINGS{TruncatedDiff,
  AUTHOR =       "L. Knudsen",
  TITLE =        "Truncated and higher order differentials",
  BOOKTITLE =    "In Fast Software Encryption, pp. 196-211, Springer Berlin Heidelberg",
  YEAR =         "1995",
}

@INPROCEEDINGS{HIGHT,
  AUTHOR =       "H. Deukjo and J. Sung and S. Hong and J. Lim and S. Lee and B. Koo and C. Lee and D. Chang and J. Lee and K. Jeong and H. Kim and J. Kim and S. Chee",
  TITLE =        "HIGHT: A New Block Cipher Suitable for Low-Resource Device",
  BOOKTITLE =    "In Louis Goubin and Mitsuru Matsui, editors, Cryptographic Hardware and Embedded Systems, CHES 2006, volume 4249 of Lecture Notes in Computer Science",
  YEAR =         "2006",
}
@INPROCEEDINGS{ICEBERG,
  AUTHOR =       "F. Standaert and G. Piret and G. Rouvroy and J. Quisquater and J. Legat",
  TITLE =        "ICEBERG : An Involutional Cipher Efficient for Block Encryption in Reconfigurable Hardware",
  BOOKTITLE =    "In Bimal Roy and Willi Meier, editors, Fast Software Encryption, volume 3017 of Lecture Notes in Computer Science",
  YEAR =         "2004",
}

@INPROCEEDINGS{KATAN,
  AUTHOR =       "C. Canniere and O. Dunkelman and M. Knezevic",
  TITLE =        "KATAN and KTANTAN A family of small and efficient hardware-oriented block ciphers",
  BOOKTITLE =    "In Christophe Clavier and Kris Gaj, editors,Cryptographic Hardware and Embedded Systems - CHES 2009, volume 5747 of Lecture Notes in Computer Science, Springer Berlin Heidelberg",
  YEAR =         "2009",
}
@INPROCEEDINGS{KLEIN,
  AUTHOR =       "Z. Gong and S. Nikova and Y. Law",
  TITLE =        "KLEIN: A New Family of Lightweight Block Ciphers",
  BOOKTITLE =    "In Ari Juels and Christof Paar, editors, RFID. Security and Privacy, volume 7055 of Lecture Notes in Computer Science",
  YEAR =         "2012",
}
@INPROCEEDINGS{semaev,
  AUTHOR =       "I. Semaev and M. Mikus",
  TITLE =        "Methods to solve algebraic equations in cryptanalysis",
  BOOKTITLE =    "In Tatra Mountains Mathematic Publications, Vol. 45, pp. 107-136",
  YEAR =         "2010",
}

@INPROCEEDINGS{simoneff,
  AUTHOR =       "A. Aysu and E. Gulcan and P. Schaumont",
  TITLE =        "SIMON Says, Break the Area Records for Symmetric Key Block Ciphers on FPGAs",
  BOOKTITLE =    "Cryptology ePrint Archive, Report 2014/237",
  YEAR =         "2014",
}
@INPROCEEDINGS{speck1,
  AUTHOR =       "Dinur, Itai",
  TITLE =        "Improved Differential Cryptanalysis of Round-Reduced Speck",
  BOOKTITLE =    "Cryptology ePrint Archive, Report 2014/320",
  YEAR =         "2014",
}
@techreport{simonDFA,
  title={Differential Fault Analysis on the families of SIMON and SPECK ciphers},
  author={Tupsamudre, Harshal and Bisht, Shikha and Mukhopadhyay, Debdeep},
  institution={Cryptology ePrint Archive, Report 2014/267, 2014. http://eprint. iacr. org}
}
@INPROCEEDINGS{simon2,
  AUTHOR =       "H. Alkhzaimi and M. Lauridsen",
  TITLE =        "Differential and linear cryptanalysis of reduced-round SIMON",
  BOOKTITLE =    "Cryptology ePrint Archive, Report 2013/543",
  YEAR =         "2013",
}
@INPROCEEDINGS{simon3,
  AUTHOR =       "A. Biryukov and A. Roy,A and V. Velichkov",
  TITLE =        "Differential Analysis of Block Ciphers Simon and Speck",
  BOOKTITLE =    "21st International Workshop on Fast Software Encryption, FSE 2014",
  YEAR =         "2014",
}


@INPROCEEDINGS{simon1,
  AUTHOR =       "A. Farzaneh and E. List and S. Lucks and J. Wenzel",
  TITLE =        "Differential and linear cryptanalysis of reduced-round SIMON",
  BOOKTITLE =    "Cryptology ePrint Archive, Report 2013/526",
  YEAR =         "2013",
}
@article{courtois2008algebraic,
	title={Algebraic Attacks on the Crypto-1 Stream Cipher in MiFare Classic and Oyster Cards.},
	author={Courtois, Nicolas and Nohl, Karsten and O'Neil, Sean},
	journal={IACR Cryptology ePrint Archive},
	volume={2008},
	pages={166},
	year={2008}
}

@phdthesis{bonneau2012guessing,
	title={Guessing human-chosen secrets},
	author={Bonneau, Joseph},
	year={2012},
	school={University of Cambridge}
}
@inproceedings{weir2009password,
	title={Password cracking using probabilistic context-free grammars},
	author={Weir, Matt and Aggarwal, Sudhir and De Medeiros, Breno and Glodek, Bill},
	booktitle={Security and Privacy, 2009 30th IEEE Symposium on},
	pages={391--405},
	year={2009},
	organization={IEEE}
}
@article{grobner,
	title={A new efficient algorithm for computing Gr{\"o}bner bases (F 4)},
	author={Faugere, Jean-Charles},
	journal={Journal of pure and applied algebra},
	volume={139},
	number={1},
	pages={61--88},
	year={1999},
	publisher={Elsevier}
}
@inproceedings{courtois2008algebraicKeeLoq,
	title={Algebraic and slide attacks on KeeLoq},
	author={Courtois, Nicolas T and Bard, Gregory V and Wagner, David},
	booktitle={Fast Software Encryption},
	pages={97--115},
	year={2008},
	organization={Springer}
}
@incollection{erickson2010algebraic,
	title={Algebraic cryptanalysis of SMS4: Gr{\"o}bner basis attack and SAT attack compared},
	author={Erickson, Jeremy and Ding, Jintai and Christensen, Chris},
	booktitle={Information, Security and Cryptology--ICISC 2009},
	pages={73--86},
	year={2010},
	publisher={Springer}
}
@incollection{courtois2009practical,
	title={Practical algebraic attacks on the Hitag2 stream cipher},
	author={Courtois, Nicolas T and O’Neil, Sean and Quisquater, Jean-Jacques},
	booktitle={Information Security},
	pages={167--176},
	year={2009},
	publisher={Springer}
}
@incollection{soos2009extending,
	title={Extending SAT solvers to cryptographic problems},
	author={Soos, Mate and Nohl, Karsten and Castelluccia, Claude},
	booktitle={Theory and Applications of Satisfiability Testing-SAT 2009},
	pages={244--257},
	year={2009},
	publisher={Springer}
}
@INPROCEEDINGS{DEScourtois,
  AUTHOR =       "N. Courtois and G. Bard",
  TITLE =        "Algebraic Cryptanalysis of the DATA Encryption Standard",
  BOOKTITLE =    "In IMA Int. Conf. volume 4887, Springer",
  YEAR =         "2007",
}

@INPROCEEDINGS{Shannon,
  AUTHOR =       "C. Shannon",
  TITLE =        "Communication theory of secrecy systems",
  BOOKTITLE =    "Bell System Technical Journal 28",
  YEAR =         "1949",
}

@INPROCEEDINGS{tatra,
  AUTHOR =       "N. Courtois and J. Gawinecki and G. Song",
  TITLE =        "Contradiction Immunity and Guess-Then-Determine Attacks On GOST",
  BOOKTITLE =    "In Tatra Mountains Mathematic Publications, Vol. 53 no. 3, pp. 65-79",
  YEAR =         "2012",
  publisher =    "",
}

@INPROCEEDINGS{simonref,
  AUTHOR =       "N. Courtois and T. Mourouzis and G. Song",
  TITLE =        "Reference implementation of Simon and Speck and a basic generator of equations - https://github.com/GSongHashrate/SimonSpeck/",
  YEAR =         "2014",
}
@INPROCEEDINGS{EquationSolving,
  AUTHOR =       "N. Courtois",
  TITLE =        "Basic Equation Solving Toolbox - http://www.cryptosystem.net/aes/tools.html",
  YEAR =         "2010",
}

@INPROCEEDINGS{ECCF2Pic,
	AUTHOR = "Certicom"
	TITLE =        "Example of an Elliptic Curve Group over F2m - https://www.certicom.com/content/certicom/en/41-an-example-of-an-elliptic-curve-group-over-f2m.html"
}

@INPROCEEDINGS{ECCPic,
	AUTHOR = "PurpleAlien",
	TITLE =        "An Introduction to Elliptic Curve Cryptography - https://www.purplealienplanet.com/node/27",
	YEAR="2012",
}

@INPROCEEDINGS{LED,
  AUTHOR =       "J. Guo and T. Peyrin and A. Poschmann and M. Robshaw",
  TITLE =        "The LED Block Cipher",
  BOOKTITLE =    "In Bart Preneel and Tsuyoshi Takagi, editors, Cryptographic Hardware and Embedded Systems, CHES 2011, volume 6917 of Lecture Notes in Computer Science, Springer Berlin Heidelberg",
  YEAR =         "2011",
}


@INPROCEEDINGS{Piccolo,
  AUTHOR =       "K. Shibutani and T. Isobe and H. Hiwatari and A. Mitsuda and T. Akishita and T. Shirai",
  TITLE =        "Piccolo: An Ultra-Lightweight Blockcipher",
  BOOKTITLE =    "In Bart Preneel and Tsuyoshi Takagi, editors, Cryptographic Hardware and Embedded Systems, CHES 2011, volume 6917 of Lecture Notes in Computer Science, Springer Berlin Heidelberg",
  YEAR =         "2011",
}



@INPROCEEDINGS{PRESENT,
  AUTHOR =       "A. Bogdanov and L. Knudsen and C. Paar and A. Poschmann and M. Robshaw and Y. Seurin and Y. Vikkelsoe",
  TITLE =        "PRESENT: An Ultra-Lightweight Block Cipher",
  BOOKTITLE =    "In the proceedings of CHES 2007",
  YEAR =         "2007",
}
@INPROCEEDINGS{mCrypton,
  AUTHOR =       "C. Lim and T. Korkishko",
  TITLE =        "mCrypton - A Lightweight Block Cipher for Security of Low-Cost RFID Tags and Sensors",
  BOOKTITLE =    "In Joo-Seok Song, Taekyoung Kwon, and Moti Yung, editors, Information Security Applications, volume 3786 of Lecture Notes in Computer Science, Springer Berlin Heidelberg",
  YEAR =         "2006",
  publisher =    "",
}

-----------------2015----------transfer viva ------------ECC--------

@article{koblitz1987elliptic,
	title={Elliptic curve cryptosystems},
	author={Koblitz, Neal},
	journal={Mathematics of computation},
	volume={48},
	number={177},
	pages={203--209},
	year={1987}
}

@article{balasubramanian1998improbability,
	title={The improbability that an elliptic curve has subexponential discrete log problem under the Menezes—Okamoto—Vanstone algorithm},
	author={Balasubramanian, Ramachandran and Koblitz, Neal},
	journal={Journal of cryptology},
	volume={11},
	number={2},
	pages={141--145},
	year={1998},
	publisher={Springer}
}

@article{rivest1978method,
	title={A method for obtaining digital signatures and public-key cryptosystems},
	author={Rivest, Ronald L and Shamir, Adi and Adleman, Len},
	journal={Communications of the ACM},
	volume={21},
	number={2},
	pages={120--126},
	year={1978},
	publisher={ACM}
}

@book{hankerson2006guide,
	title={Guide to elliptic curve cryptography},
	author={Hankerson, Darrel and Menezes, Alfred J and Vanstone, Scott},
	year={2006},
	publisher={Springer Science \& Business Media}
}

@article{lenstra2001selecting,
	title={Selecting cryptographic key sizes},
	author={Lenstra, Arjen K and Verheul, Eric R},
	journal={Journal of cryptology},
	volume={14},
	number={4},
	pages={255--293},
	year={2001},
	publisher={Springer}
}
@article{johnson2001elliptic,
	title={The elliptic curve digital signature algorithm (ECDSA)},
	author={Johnson, Don and Menezes, Alfred and Vanstone, Scott},
	journal={International Journal of Information Security},
	volume={1},
	number={1},
	pages={36--63},
	year={2001},
	publisher={Springer}
}
@inproceedings{barker2006recommendation,
	title={Recommendation for key management-part 1: General (revised},
	author={Barker, Elaine and Barker, William and Burr, William and Polk, William and Smid, Miles},
	booktitle={NIST special publication},
	year={2006},
	organization={Citeseer}
}
@misc{bernstein2009ebacs,
	title={eBACS: ECRYPT benchmarking of cryptographic systems},
	author={Bernstein, Daniel J and Lange, Tanja},
	year={2009}
}
@article{semaev2004summation,
	title={Summation polynomials and the discrete logarithm problem on elliptic curves.},
	author={Semaev, Igor},
	journal={IACR Cryptology ePrint Archive},
	volume={2004},
	pages={31},
	year={2004}
}
@article{gaudry2004index,
	title={Index calculus for abelian varieties and the elliptic curve discrete logarithm problem.},
	author={Gaudry, Pierrick},
	journal={IACR Cryptology ePrint Archive},
	volume={2004},
	pages={73},
	year={2004}
}
@incollection{faugere2012improving,
	title={Improving the complexity of index calculus algorithms in elliptic curves over binary fields},
	author={Faug{\`e}re, Jean-Charles and Perret, Ludovic and Petit, Christophe and Renault, Gu{\'e}na{\"e}l},
	booktitle={Advances in Cryptology--EUROCRYPT 2012},
	pages={27--44},
	year={2012},
	publisher={Springer}
}
@article{diem2011discrete,
	title={On the discrete logarithm problem in elliptic curves},
	author={Diem, Claus},
	journal={Compositio Mathematica},
	volume={147},
	number={01},
	pages={75--104},
	year={2011},
	publisher={Cambridge Univ Press}
}
@INPROCEEDINGS{CERticom,
	TITLE =        "https://www.certicom.com/index.php/41-an-example-of-an-elliptic-curve-group-over-f2m",
}

@INPROCEEDINGS{IEEEP1363,
	title = {Standard Specifications for Public Key Cryptography Annex A},
	publisher = {IEEE P1363 / D9},
	pages={76--172},
	year={Feb 1999}
	}


@INPROCEEDINGS{BIP,
  TITLE =        " https://github.com/bitcoin/bips/blob/master/bip-0001.mediawiki ",
}
@INPROCEEDINGS{BIP32,
  TITLE =        " https://github.com/bitcoin/bips/blob/master/bip-0032.mediawiki ",
}






GOST
@inproceedings{slide2,
	title={Advanced slide attacks},
	author={Biryukov, Alex and Wagner, David},
	booktitle={Advances in Cryptology—EUROCRYPT 2000},
	pages={589--606},
	year={2000},
	organization={Springer}
}


@article{standard1977fips,
	title={FIPS pub 46},
	author={Data Encryption Standard},
	journal={Appendix A, Federal Information Processing Standards Publication},
	year={1977}
}

@misc{GOSTRussianReferenceImplementation,
	title = {A Russian reference implementation of GOST implementing Russian algorithms as an extension of TLS v1.0 is available as a part of OpenSSL library. The file gost89.c contains eight different sets of S-boxes and is found in OpenSSL 0.9.8 and later at},
	howpublished = "\url{http://www.openssl.org/source/}"
}
@misc{RyanDefcon,
	title = {Cracking cryptocurrency brainwallets},
	author = {Castellucci,Ryan},
	howpublished = "\url{https://www.defcon.org/html/defcon-23/dc-23-index.html}"
	
	}
@article{gost198928147,
	title={28147-89,“},
	author={GOST, Gosudarstvennyi Standard},
	journal={Cryptographic protection for data processing systems,” Government Committee of the USSR for Standards},
	year={1989}
}
@article{gostac,
	title={Algebraic Complexity Reduction and Cryptanalysis of GOST.},
	author={Courtois, Nicolas},
	journal={IACR Cryptology ePrint Archive},
	volume={2011},
	pages={626},
	year={2011}
}

@article{courtois2013cryptanalysis,
	title={Cryptanalysis of GOST in the multiple-key scenario},
	author={Courtois, Nicolas T},
	journal={Tatra Mountains Mathematical Publications},
	volume={57},
	number={1},
	pages={45--63},
	year={2013}
}

@article{bouillaguet2012low,
	title={Low-data complexity attacks on AES},
	author={Bouillaguet, Charles and Derbez, Patrick and Dunkelman, Orr and Fouque, Pierre-Alain and Keller, Nathan and Rijmen, Vincent},
	journal={IEEE Transactions on Information Theory},
	volume={58},
	number={11},
	pages={7002--7017},
	year={2012},
	publisher={IEEE}
}
@inproceedings{tardy1991known,
	title={A known plaintext attack of FEAL-4 and FEAL-6},
	author={Tardy-Corfdir, Anne and Gilbert, Henri},
	booktitle={Annual International Cryptology Conference},
	pages={172--182},
	year={1991},
	organization={Springer}
}
@article{huang2014effective,
	title={What is the effective key length for a block cipher: an attack on every practical block cipher},
	author={Huang, JiaLin and Lai, XueJia},
	journal={Science China Information Sciences},
	volume={57},
	number={7},
	pages={1--11},
	year={2014},
	publisher={Springer}
}

@incollection{gostdc0,
	title={First differential attack on full 32-round GOST},
	author={Courtois, Nicolas T and Misztal, Micha{\l}},
	booktitle={Information and Communications Security},
	pages={216--227},
	year={2011},
	publisher={Springer}
}
@article{gostdc2,
	title={An Improved Differential Attack on Full GOST.},
	author={Courtois, Nicolas T},
	journal={IACR Cryptology ePrint Archive},
	volume={2012},
	pages={138},
	year={2012}
}
@article{gostreport,
	title={Security evaluation of GOST 28147-89 in view of international standardisation},
	author={Courtois, Nicolas T},
	journal={Cryptologia},
	volume={36},
	number={1},
	pages={2--13},
	year={2012},
	publisher={Taylor \& Francis}
}
@article{JapaneseGOSTMITMFSE2011,
	title={A single-key attack on the full GOST block cipher},
	author={Isobe, Takanori},
	journal={Journal of cryptology},
	volume={26},
	number={1},
	pages={172--189},
	year={2013},
	publisher={Springer}
}
@incollection{PoschmannImplement,
	title={256 bit standardized crypto for 650 GE--GOST revisited},
	author={Poschmann, Axel and Ling, San and Wang, Huaxiong},
	booktitle={Cryptographic Hardware and Embedded Systems, CHES 2010},
	pages={219--233},
	year={2010},
	publisher={Springer}
}

@article{shorin2001linear,
	title={Linear and differential cryptanalysis of Russian GOST},
	author={Shorin, Vitaly V and Jelezniakov, Vadim V and Gabidulin, Ernst M},
	journal={Electronic Notes in Discrete Mathematics},
	volume={6},
	pages={538--547},
	year={2001},
	publisher={Elsevier}
}

@book{schneier2007applied,
	title={Section 14.1 GOST (2nd ed.) Applied cryptography},
	author={Schneier, Bruce},
	year={1996},
	publisher={john wiley \& sons}
}

@incollection{GOSTReflectionKara,
	title={Reflection cryptanalysis of some ciphers},
	author={Kara, Orhun},
	booktitle={Progress in Cryptology-INDOCRYPT 2008},
	pages={294--307},
	year={2008},
	publisher={Springer}
}
@article{selman2006hill,
	title={Hill-climbing search},
	author={Selman, Bart and Gomes, Carla P},
	journal={Encyclopedia of Cognitive Science},
	volume={81},
	pages={82},
	year={2006},
	publisher={John Wiley \& Sons, Ltd. New York}
}
@article{courtois2007ctc2,
	title={CTC2 and Fast Algebraic Attacks on Block Ciphers Revisited.},
	author={Courtois, Nicolas},
	journal={IACR Cryptology ePrint Archive},
	volume={2007},
	pages={152},
	year={2007}
}
@inproceedings{DunkelmanImprovedGOST8R,
	title={Improved attacks on full GOST},
	author={Dinur, Itai and Dunkelman, Orr and Shamir, Adi},
	booktitle={Fast Software Encryption},
	pages={9--28},
	year={2012},
	organization={Springer}
}
@article{gostlow8r,
	title={Low-Complexity Key Recovery Attacks on GOST Block Cipher},
	author={Courtois, Nicolas T},
	journal={Cryptologia},
	volume={37},
	number={1},
	pages={1--10},
	year={2013},
	publisher={Taylor \& Francis}
}
@article{gostdc1,
	title={Differential Cryptanalysis of GOST.},
	author={Courtois, Nicolas and Misztal, Michal},
	journal={IACR Cryptology ePrint Archive},
	volume={2011},
	pages={312},
	year={2011}
}
@article{gostdcpp1,
	title={Aggregated Differentials and Cryptanalysis of PP-1 and GOST},
	author={Courtois, Nicolas T and Misztal, Micha{\l}},
	journal={Periodica Mathematica Hungarica},
	volume={65},
	number={2},
	pages={177--192},
	year={2012},
	publisher={Springer}
}
@article{KeeLoqTatra,
	title={Periodic ciphers with small blocks and cryptanalysis of keeloq},
	author={Courtois, Nicolas T, Bard, Gregory V and Bogdanov, Andrey},
	journal={Tatra Mt. Math. Publ},
	volume={41},
	pages={167--188},
	year={2008}
}
@misc{CryptoMiniSat,
	title={CryptoMiniSat 2.92, an open-source SAT solver package based on earlier MiniSat software},
	author={S{\"o}rensson, Niklas and E{\'e}n, Niklas and Soos, Mate}
}
@incollection{AlgSnowCourtoisDebraize,
	title={Algebraic Description and Simultaneous Linear Approximations of Addition in Snow 2.0.},
	author={Courtois, Nicolas T and Debraize, Blandine},
	booktitle={Information and Communications Security},
	pages={328--344},
	year={2008},
	publisher={Springer}
}
@article{SemaevSparseJournalPaper,
	title={Sparse algebraic equations over finite fields},
	author={Semaev, Igor},
	journal={SIAM Journal on Computing},
	volume={39},
	number={2},
	pages={388--409},
	year={2009},
	publisher={SIAM}
}



@inproceedings{Bardet,
	title={On the complexity of Gr{\"o}bner basis computation of semi-regular overdetermined algebraic equations},
	author={Bardet, Magali and Faugere, Jean-Charles and Salvy, Bruno},
	booktitle={Proceedings of the International Conference on Polynomial System Solving},
	pages={71--74},
	year={2004}
}

@article{DoSemiRegularSequencesExist,
	title={On the Existence of Semi-Regular Sequences},
	author={Hodges, TIMOTHY J and Molina, SERGIO D and Schlather, JACOB},
	journal={arXiv preprint arXiv:1412.7865},
	year={2014}
}

@inproceedings{XLAsEstCourt04,
	title={On asymptotic security estimates in XL and Gr{\"o}bner bases-related algebraic cryptanalysis},
	author={Yang, Bo-Yin and Chen, Jiun-Ming and Courtois, Nicolas T},
	booktitle={International Conference on Information and Communications Security},
	pages={401--413},
	year={2004},
	organization={Springer}
}

@INPROCEEDINGS{desalg,
	AUTHOR =       "N. Courtois, G. V. Bard",
	TITLE =        "Algebraic Cryptanalysis of the Data Encryption Standard,",
	BOOKTITLE =    "IMA Cryptography and Coding, pp. 152-169",
	YEAR =         "2007",
	publisher =    "Springer",
	file = F
}

@inproceedings{XL,
	title={Efficient algorithms for solving overdefined systems of multivariate polynomial equations},
	author={Courtois, Nicolas and Klimov, Alexander and Patarin, Jacques and Shamir, Adi},
	booktitle={International Conference on the Theory and Applications of Cryptographic Techniques},
	pages={392--407},
	year={2000},
	organization={Springer}
}
@inproceedings{XL2,
	title={About the XL Algorithm over GF (2)},
	author={Courtois, Nicolas T and Patarin, Jacques},
	booktitle={Cryptographers’ Track at the RSA Conference},
	pages={141--157},
	year={2003},
	organization={Springer}
}

@INPROCEEDINGS{FastAlg,
	AUTHOR =       "N.T. Courtois",
	TITLE =        "How Fast can be Algebraic Attacks on Block Ciphers?",
	BOOKTITLE =    "Dagstuhl Seminar 07021, Symmetric Cryptography",
	YEAR =         "2007",
	publisher =    "\url{dagstuhl.de}",
	file = F
}

@INPROCEEDINGS{FastAlg2,
	AUTHOR =       "N. Courtois",
	TITLE =        "CTC2 and Fast Algebraic Attacks on Block Ciphers Revisited",
	BOOKTITLE =    "eprint",
	YEAR =         "2007",
	publisher =    "\url{eprint.iacr.org/2007/152/}",
	file = F
}


@INPROCEEDINGS{CourtoisSoftware,
	AUTHOR =       "N.T. Courtois",
	TITLE =        "Algebraic cryptanalysis software,",
	BOOKTITLE =    "",
	YEAR =         "2000-2016",
	publisher =    "\url{http://www.cryptosystem.net/aes/tools.html}",
	file = F
}


@INPROCEEDINGS{ToyRijSer,
	AUTHOR =       "N. Courtois and B. Debraize",
	TITLE =        "Specific S-box Criteria in Algebraic Attacks on
	Block Ciphers with Several Known Plaintexts",
	BOOKTITLE =    "WEWoRC 2007, pp 100-113",
	YEAR =         "2008",
	publisher =    "Springer",
	file = F
}


@INPROCEEDINGS{ElimLinRevisit,
	AUTHOR =       "N. Courtois P. Sepherdad  P. Susil and S. Vaudenay",
	TITLE =        "ElimLin Algorithm Revisited",
	BOOKTITLE =    "FSE 2012",
	YEAR =         "2012",
	publisher =    "Springer",
	file = F
}

@INPROCEEDINGS{CourtoisNewFroInvInd2008,
	AUTHOR =       "N.T. Courtois",
	TITLE =        "New Frontier in Symmetric Cryptanalysis",
	BOOKTITLE =    "Invited talk at Indocrypt 2008",
	YEAR =         "2008",
	publisher =    "\url{http://www.nicolascourtois.com/papers/front_indocrypt08.pdf}",
	file = F
}


@INPROCEEDINGS{genalg,
	AUTHOR =       "N.T. Courtois",
	TITLE =        "General Principles of Algebraic Attacks and
	New Design Criteria for Components of Symmetric Ciphers",
	BOOKTITLE =    "AES 4 conf. proc., pp. 67-83",
	YEAR =         "2005",
	publisher =    "Springer",
	file = F
}

@INPROCEEDINGS{SlidesAlgAllteach,
	AUTHOR =       "N.T. Courtois",
	TITLE =        "Algebraic Attacks vs. Design of Block and Stream Ciphers",
	BOOKTITLE =    "slides used in UCL GA18 course ``Cryptanalysis'', University College London",
	YEAR =         "2016",
	publisher =    "\url{http://www.nicolascourtois.com/papers/algat_all_teach_2015.pdf}",
	file = F
}

@INPROCEEDINGS{AlgteachElimLinLab,
	AUTHOR =       "N.T. Courtois",
	TITLE =        "Software and Algebraic Cryptanalysis Lab,",
	BOOKTITLE =    "University College London",
	YEAR =         "2016",
	publisher =    "\url{http://www.nicolascourtois.com/papers/ga18/AC_Lab1_ElimLin_Simon_CTC2.pdf}",
	file = F
}



@INPROCEEDINGS{XSLSpringer,
	AUTHOR =       "N. Courtois and J. Pieprzyk",
	TITLE =        "Cryptanalysis of Block Ciphers with Overdefined Systems of Equations,",
	BOOKTITLE =    "Asiacrypt 2002, pp.267-287",
	YEAR =         "2002",
	publisher =    "Springer",
	file = F
}



@INPROCEEDINGS{NashNSA,
	AUTHOR =       "John Nash",
	TITLE =        "letter to the NSA",
	BOOKTITLE =    "declassified material from 1955",
	YEAR =         "2012",
	publisher =    "\url{www.nsa.gov}",
	file = F
}

@article{ElimLinUniversalEqs,
	title={On selection of samples in algebraic attacks and a new technique to find hidden low degree equations},
	author={Susil, Petr and Sepehrdad, Pouyan and Vaudenay, Serge and Courtois, Nicolas},
	journal={International Journal of Information Security},
	volume={15},
	number={1},
	pages={51--65},
	year={2016},
	publisher={SPRINGER 233 SPRING ST, NEW YORK, NY 10013 USA}
}

@inproceedings{RaddumSimon,
	title={Algebraic analysis of the simon block cipher family},
	author={Raddum, H{\aa}vard},
	booktitle={International Conference on Cryptology and Information Security in Latin America},
	pages={157--169},
	year={2015},
	organization={Springer}
}

@inproceedings{SIMON6,
	title={Cryptanalysis of SIMON variants with connections},
	author={Alizadeh, Javad and Alkhzaimi, Hoda A and Aref, Mohammad Reza and Bagheri, Nasour and Gauravaram, Praveen and Kumar, Abhishek and Lauridsen, Martin M and Sanadhya, Somitra Kumar},
	booktitle={International Workshop on Radio Frequency Identification: Security and Privacy Issues},
	pages={90--107},
	year={2014},
	organization={Springer}
}

@article{SIMON4,
	title={Improved Differential Attacks on Reduced SIMON Versions.},
	author={Wang, Ning and Wang, Xiaoyun and Jia, Keting and Zhao, Jingyuan},
	journal={IACR Cryptology ePrint Archive},
	volume={2014},
	pages={448},
	year={2014},
	publisher={Citeseer}
}

@inproceedings{SIMON5,
	title={Cryptanalysis of reduced-round SIMON32 and SIMON48},
	author={Wang, Qingju and Liu, Zhiqiang and Var{\i}c{\i}, Kerem and Sasaki, Yu and Rijmen, Vincent and Todo, Yosuke},
	booktitle={International Conference in Cryptology in India},
	pages={143--160},
	year={2014},
	organization={Springer}
}


@techreport{SIMONBest,
	title={Improved linear hull attack on round-reduced simon with dynamic key-guessing techniques},
	author={Chen, Huaifeng and Wang, Xiaoyun},
	year={2015},
	institution={Cryptology ePrint Archive, Report 2015/666}
}

@inproceedings{sugita2001security,
	title={Security of reduced version of the block cipher Camellia against truncated and impossible differential cryptanalysis},
	author={Sugita, Makoto and Kobara, Kazukuni and Imai, Hideki},
	booktitle={International Conference on the Theory and Application of Cryptology and Information Security},
	pages={193--207},
	year={2001},
	organization={Springer}
}

@inproceedings{hong2003differential,
	title={Differential Cryptanalysis of TEA and XTEA},
	author={Hong, Seokhie and Hong, Deukjo and Ko, Youngdai and Chang, Donghoon and Lee, Wonil and Lee, Sangjin},
	booktitle={International Conference on Information Security and Cryptology},
	pages={402--417},
	year={2003},
	organization={Springer}
}

@book{delfs2002introduction,
	title={Introduction to cryptography},
	author={Delfs, Hans and Knebl, Helmut and Knebl, Helmut},
	volume={2},
	year={2002},
	publisher={Springer}
}

@inproceedings{miller1985use,
	title={Use of elliptic curves in cryptography},
	author={Miller, Victor S},
	booktitle={Conference on the Theory and Application of Cryptographic Techniques},
	pages={417--426},
	year={1985},
	organization={Springer}
}

@article{vasek2016bitcoin,
	title={The Bitcoin Brain Drain: A Short Paper on the Use and Abuse of Bitcoin Brain Wallets},
	author={Vasek, Marie and Bonneau, Joseph and Ryan Castellucci, Cameron Keith and Moore, Tyler},
	journal={Financial Cryptography and Data Security, Lecture Notes in Computer Science. Springer},
	year={2016}
}

@article{mourouzis2015advanced,
	title={Advanced differential cryptanalysis of reduced-round simon64/128 using large-round statistical distinguishers},
	author={Mourouzis, Theodosis and Song, Guangyan and Courtois, Nicolas and Christofii, Michalis},
	year={2015}
}

@article{courtoisspeed,
	title={Speed Optimizations in Bitcoin Key Recovery Attacks},
	author={Courtois, Nicolas and Song, Guangyan and Castellucci, Ryan},
	journal={Tatra Mountains Mathematical Publications},
	year={2016}
}

@article{minisat,
	title={Minisat v1. 13-a sat solver with conflict-clause minimization},
	author={Sorensson, Niklas and Een, Niklas},
	journal={SAT},
	volume={2005},
	number={53},
	pages={1--2},
	year={2005}
}

@inproceedings{secrypt2016,
	title={Predicting Outcomes of ElimLin Attack on Lightweight Block Cipher Simon},
	author={Courtois, Nicolas and Sepehrdad, Pouyan and Song, Guangyan and Iason Papapanagiotakis-Bousy},
	booktitle={SECRYPT},
	year={2016}
}